@book{DeselEsparza95,
    author    = {Jörg Desel and Javier Esparza},
    title     = {Free Choice Petri Nets},
    publisher = {Cambridge University Press},
    year      = {1995},
    isbn      = {0-521-46519-2},
    ee        = {https://www7.in.tum.de/~esparza/bookfc.html}
}

@phdthesis{Melzer98,
    author    = {Stephan Melzer},
    title     = {Verifikation verteilter Systeme mittels linearer - und
                 Constraint-Programmierung},
    school    = {Technische Universität München},
    year      = {1998}
}

@article{WimmelWolf12,
    author    = {Harro Wimmel and
                 Karsten Wolf},
    title     = {Applying {CEGAR} to the {Petri} Net State Equation},
    journal   = {Logical Methods in Computer Science},
    volume    = {8},
    number    = {3},
    year      = {2012},
    ee        = {http://dx.doi.org/10.2168/LMCS-8(3:27)2012},
    doi       = {10.2168/LMCS-8(3:27)2012},
    bibsource = {DBLP, http://dblp.uni-trier.de}
}

@inproceedings{EsparzaLMMN14,
    author    = {Javier Esparza and
                 Rusl{\'a}n Ledesma-Garza and
                 Rupak Majumdar and
                 Philipp Meyer and
                 Filip Niksic},
    title     = {An {SMT}-Based Approach to Coverability Analysis},
    booktitle = {CAV},
    year      = {2014},
    pages     = {603-619},
    ee        = {http://dx.doi.org/10.1007/978-3-319-08867-9_40},
    doi       = {10.1007/978-3-319-08867-9_40},
    crossref  = {DBLP:conf/cav/2014},
    bibsource = {DBLP, http://dblp.uni-trier.de}
}

@inproceedings{KaiserKW12,
    author    = {Alexander Kaiser and
                 Daniel Kroening and
                 Thomas Wahl},
    title     = {Efficient Coverability Analysis by Proof Minimization},
    booktitle = {CONCUR},
    year      = {2012},
    pages     = {500-515},
    ee        = {http://dx.doi.org/10.1007/978-3-642-32940-1_35},
    doi       = {10.1007/978-3-642-32940-1_35},
    crossref  = {DBLP:conf/concur/2012},
    bibsource = {DBLP, http://dblp.uni-trier.de}
}

@article{BouajjaniE14,
    author    = {Ahmed Bouajjani and
                 Michael Emmi},
    title     = {Bounded phase analysis of message-passing programs},
    journal   = {STTT},
    volume    = {16},
    number    = {2},
    year      = {2014},
    pages     = {127-146},
    ee        = {http://dx.doi.org/10.1007/s10009-013-0276-z},
    doi       = {10.1007/s10009-013-0276-z},
    bibsource = {DBLP, http://dblp.uni-trier.de}
}

@article{GantyM12,
    author    = {Pierre Ganty and
                 Rupak Majumdar},
    title     = {Algorithmic verification of asynchronous programs},
    journal   = {ACM Trans. Program. Lang. Syst.},
    volume    = {34},
    number    = {1},
    year      = {2012},
    pages     = {6},
    ee        = {http://doi.acm.org/10.1145/2160910.2160915},
    doi       = {10.1145/2160910.2160915},
    bibsource = {DBLP, http://dblp.uni-trier.de}
}

@article{ValmariH14,
    author    = {Antti Valmari and
                 Henri Hansen},
    title     = {Old and New Algorithms for Minimal Coverability Sets},
    journal   = {Fundam. Inform.},
    volume    = {131},
    number    = {1},
    year      = {2014},
    pages     = {1-25},
    ee        = {http://dx.doi.org/10.3233/FI-2014-1002},
    doi       = {10.3233/FI-2014-1002},
    bibsource = {DBLP, http://dblp.uni-trier.de}
}

@inproceedings{MajumdarW13,
    author    = {Rupak Majumdar and
                 Zilong Wang},
    title     = {Expand, Enlarge, and Check for Branching Vector Addition
                 Systems},
    booktitle = {CONCUR},
    year      = {2013},
    pages     = {152-166},
    ee        = {http://dx.doi.org/10.1007/978-3-642-40184-8_12},
    doi       = {10.1007/978-3-642-40184-8_12},
    crossref  = {DBLP:conf/concur/2013},
    bibsource = {DBLP, http://dblp.uni-trier.de}
}

@inproceedings{DelzannoRB02,
    author    = {Giorgio Delzanno and
                 Jean-Fran\c{c}ois Raskin and
                 Laurent Van Begin},
    title     = {Towards the Automated Verification of Multithreaded Java
                 Programs},
    booktitle = {TACAS},
    year      = {2002},
    pages     = {173-187},
    ee        = {http://dx.doi.org/10.1007/3-540-46002-0_13},
    doi       = {10.1007/3-540-46002-0_13},
    crossref  = {DBLP:conf/tacas/2002},
    bibsource = {DBLP, http://dblp.uni-trier.de}
}

@article{GermanS92,
    author    = {Steven M. German and
                 A. Prasad Sistla},
    title     = {Reasoning about Systems with Many Processes},
    journal   = {J. ACM},
    volume    = {39},
    number    = {3},
    year      = {1992},
    pages     = {675-735},
    ee        = {http://doi.acm.org/10.1145/146637.146681},
    doi       = {10.1145/146637.146681},
    bibsource = {DBLP, http://dblp.uni-trier.de}
}

@article{KarpM69,
    author    = {Richard M. Karp and
                 Raymond E. Miller},
    title     = {Parallel Program Schemata},
    journal   = {J. Comput. Syst. Sci.},
    volume    = {3},
    number    = {2},
    year      = {1969},
    pages     = {147-195},
    ee        = {http://dx.doi.org/10.1016/S0022-0000(69)80011-5},
    doi       = {10.1016/S0022-0000(69)80011-5},
    bibsource = {DBLP, http://dblp.uni-trier.de}
}

@article{Rackoff78,
    author    = {Charles Rackoff},
    title     = {The Covering and Boundedness Problems for Vector Addition
                 Systems},
    journal   = {Theor. Comput. Sci.},
    volume    = {6},
    year      = {1978},
    pages     = {223-231},
    ee        = {http://dx.doi.org/10.1016/0304-3975(78)90036-1},
    doi       = {10.1016/0304-3975(78)90036-1},
    bibsource = {DBLP, http://dblp.uni-trier.de}
}

@book{Reisig13,
    author    = {Wolfgang Reisig},
    title     = {Understanding {Petri} Nets - Modeling Techniques, Analysis
                 Methods, Case Studies},
    publisher = {Springer},
    year      = {2013},
    isbn      = {978-3-642-33277-7},
    pages     = {I-XXVI, 1-230},
    ee        = {http://dx.doi.org/10.1007/978-3-642-33278-4},
    doi       = {10.1007/978-3-642-33278-4},
    bibsource = {DBLP, http://dblp.uni-trier.de}
}

@article{Murata89,
    author    = {Tadao Murata},
    title     = {{Petri} nets: Properties, analysis and applications},
    publisher = {IEEE},
    journal   = {Proceedings of the IEEE},
    volume    = {77},
    number    = {4},
    year      = {1989},
    pages     = {541--580},
    ee        = {http://dx.doi.org/10.1109/5.24143},
    doi       = {10.1109/5.24143}
}

@inproceedings{DOsualdoKO13,
    author    = {Emanuele D'Osualdo and
                 Jonathan Kochems and
                 C.-H. Luke Ong},
    title     = {Automatic Verification of {Erlang}-Style Concurrency},
    booktitle = {SAS},
    year      = {2013},
    pages     = {454-476},
    ee        = {http://dx.doi.org/10.1007/978-3-642-38856-9_24},
    doi       = {10.1007/978-3-642-38856-9_24},
    crossref  = {DBLP:conf/sas/2013},
    bibsource = {DBLP, http://dblp.uni-trier.de}
}

@inproceedings{MajumdarMW13,
    author    = {Rupak Majumdar and
                 Roland Meyer and
                 Zilong Wang},
    title     = {Static Provenance Verification for Message Passing Programs},
    booktitle = {SAS},
    year      = {2013},
    pages     = {366-387},
    ee        = {http://dx.doi.org/10.1007/978-3-642-38856-9_20},
    doi       = {10.1007/978-3-642-38856-9_20},
    crossref  = {DBLP:conf/sas/2013},
    bibsource = {DBLP, http://dblp.uni-trier.de}
}

@article{GantyRB08,
    author    = {Pierre Ganty and
                 Jean-Fran\c{c}ois Raskin and
                 Laurent Van Begin},
    title     = {From Many Places to Few: Automatic Abstraction Refinement
                 for Petri Nets},
    journal   = {Fundam. Inform.},
    volume    = {88},
    number    = {3},
    year      = {2008},
    pages     = {275-305},
    ee        = {http://iospress.metapress.com/content/b5528363p8177604/},
    bibsource = {DBLP, http://dblp.uni-trier.de}
}

@article{EsparzaMelzer00,
    author    = {Javier Esparza and
                 Stephan Melzer},
    title     = {Verification of Safety Properties Using Integer Programming:
                 Beyond the State Equation},
    journal   = {Formal Methods in System Design},
    volume    = {16},
    number    = {2},
    year      = {2000},
    pages     = {159-189},
    ee        = {http://dx.doi.org/10.1023/A:1008743212620},
    doi       = {10.1023/A:1008743212620},
    bibsource = {DBLP, http://dblp.uni-trier.de}
}

@article{Lamport86,
    author    = {Leslie Lamport},
    title     = {The Mutual Exclusion Problem -
                 Part {II}: Statement and Solutions},
    journal   = {J. ACM},
    volume    = {33},
    number    = {2},
    year      = {1986},
    pages     = {327-348},
    ee        = {http://doi.acm.org/10.1145/5383.5385},
    doi       = {10.1145/5383.5385},
    bibsource = {DBLP, http://dblp.uni-trier.de}
}

@book{Schrijver86,
    author    = {Alexander Schrijver},
    title     = {Theory of Linear and Integer Programming},
    publisher = {John Wiley \& Sons},
    series    = {Wiley-Interscience series in discrete mathematics and
                 optimization},
    year      = {1986},
    isbn      = {0-471-90854-1},
    pages     = {89}
}

@inproceedings{KaiserKW10,
    author    = {Alexander Kaiser and
                 Daniel Kroening and
                 Thomas Wahl},
    title     = {Dynamic Cutoff Detection in Parameterized Concurrent Programs},
    booktitle = {CAV},
    year      = {2010},
    pages     = {645-659},
    ee        = {http://dx.doi.org/10.1007/978-3-642-14295-6_55},
    doi       = {10.1007/978-3-642-14295-6_55},
    crossref  = {DBLP:conf/cav/2010},
    bibsource = {DBLP, http://dblp.uni-trier.de}
}

@inproceedings{MouraB08,
    author    = {Leonardo Mendon\c{c}a de Moura and
                 Nikolaj Bj{\o}rner},
    title     = {Z3: An Efficient SMT Solver},
    booktitle = {TACAS},
    year      = {2008},
    pages     = {337-340},
    ee        = {http://dx.doi.org/10.1007/978-3-540-78800-3_24},
    doi       = {10.1007/978-3-540-78800-3_24},
    crossref  = {DBLP:conf/tacas/2008},
    bibsource = {DBLP, http://dblp.uni-trier.de}
}

@inproceedings{KloosMNP13,
    author    = {Johannes Kloos and
                 Rupak Majumdar and
                 Filip Niksic and
                 Ruzica Piskac},
    title     = {Incremental, Inductive Coverability},
    booktitle = {CAV},
    year      = {2013},
    pages     = {158-173},
    ee        = {http://dx.doi.org/10.1007/978-3-642-39799-8_10},
    doi       = {10.1007/978-3-642-39799-8_10},
    crossref  = {DBLP:conf/cav/2013},
    bibsource = {DBLP, http://dblp.uni-trier.de}
}

@article{GeeraertsRB06,
    author    = {Gilles Geeraerts and
                 Jean-Fran\c{c}ois Raskin and
                 Laurent Van Begin},
    title     = {Expand, Enlarge and Check: New algorithms for the coverability
                 problem of {WSTS}},
    journal   = {J. Comput. Syst. Sci.},
    volume    = {72},
    number    = {1},
    year      = {2006},
    pages     = {180-203},
    ee        = {http://dx.doi.org/10.1016/j.jcss.2005.09.001},
    doi       = {10.1016/j.jcss.2005.09.001},
    bibsource = {DBLP, http://dblp.uni-trier.de}
}

@inproceedings{Solar-LezamaTBSS06,
    author    = {Armando Solar-Lezama and
                 Liviu Tancau and
                 Rastislav Bod\'{\i}k and
                 Sanjit A. Seshia and
                 Vijay A. Saraswat},
    title     = {Combinatorial sketching for finite programs},
    booktitle = {ASPLOS},
    year      = {2006},
    pages     = {404-415},
    ee        = {http://doi.acm.org/10.1145/1168857.1168907},
    doi       = {10.1145/1168857.1168907},
    crossref  = {DBLP:conf/asplos/2006},
    bibsource = {DBLP, http://dblp.uni-trier.de}
}

@proceedings{DBLP:conf/asplos/2006,
    editor    = {John Paul Shen and
                 Margaret Martonosi},
    title     = {Proceedings of the 12th International Conference on Architectural
                 Support for Programming Languages and Operating Systems,
                 ASPLOS 2006, San Jose, CA, USA, October 21-25, 2006},
    booktitle = {ASPLOS},
    publisher = {ACM},
    year      = {2006},
    isbn      = {1-59593-451-0},
    bibsource = {DBLP, http://dblp.uni-trier.de}
}

@proceedings{DBLP:conf/cav/2010,
    editor    = {Tayssir Touili and
                 Byron Cook and
                 Paul Jackson},
    title     = {Computer Aided Verification, 22nd International Conference,
                 CAV 2010, Edinburgh, UK, July 15-19, 2010. Proceedings},
    booktitle = {CAV},
    publisher = {Springer},
    series    = {Lecture Notes in Computer Science},
    volume    = {6174},
    year      = {2010},
    isbn      = {978-3-642-14294-9},
    ee        = {http://dx.doi.org/10.1007/978-3-642-14295-6},
    doi       = {10.1007/978-3-642-14295-6},
    bibsource = {DBLP, http://dblp.uni-trier.de}
}

@proceedings{DBLP:conf/cav/2013,
    editor    = {Natasha Sharygina and
                 Helmut Veith},
    title     = {Computer Aided Verification - 25th International Conference,
                 CAV 2013, Saint Petersburg, Russia, July 13-19, 2013. Proceedings},
    booktitle = {CAV},
    publisher = {Springer},
    series    = {Lecture Notes in Computer Science},
    volume    = {8044},
    year      = {2013},
    isbn      = {978-3-642-39798-1},
    ee        = {http://dx.doi.org/10.1007/978-3-642-39799-8},
    doi       = {10.1007/978-3-642-39799-8},
    bibsource = {DBLP, http://dblp.uni-trier.de}
}

@proceedings{DBLP:conf/cav/2014,
    editor    = {Armin Biere and
                 Roderick Bloem},
    title     = {Computer Aided Verification - 26th International Conference,
                 CAV 2014, Held as Part of the Vienna Summer of Logic, VSL
                 2014, Vienna, Austria, July 18-22, 2014. Proceedings},
    booktitle = {CAV},
    publisher = {Springer},
    series    = {Lecture Notes in Computer Science},
    volume    = {8559},
    year      = {2014},
    isbn      = {978-3-319-08866-2},
    ee        = {http://dx.doi.org/10.1007/978-3-319-08867-9},
    doi       = {10.1007/978-3-319-08867-9},
    bibsource = {DBLP, http://dblp.uni-trier.de}
}

@proceedings{DBLP:conf/concur/2012,
    editor    = {Maciej Koutny and
                 Irek Ulidowski},
    title     = {CONCUR 2012 - Concurrency Theory - 23rd International Conference,
                 CONCUR 2012, Newcastle upon Tyne, UK, September 4-7, 2012.
                 Proceedings},
    booktitle = {CONCUR},
    publisher = {Springer},
    series    = {Lecture Notes in Computer Science},
    volume    = {7454},
    year      = {2012},
    isbn      = {978-3-642-32939-5},
    ee        = {http://dx.doi.org/10.1007/978-3-642-32940-1},
    doi       = {10.1007/978-3-642-32940-1},
    bibsource = {DBLP, http://dblp.uni-trier.de}
}

@proceedings{DBLP:conf/concur/2013,
    editor    = {Pedro R. D'Argenio and
        Hern{\'a}n C. Melgratti},
    title     = {CONCUR 2013 - Concurrency Theory - 24th International Conference,
        CONCUR 2013, Buenos Aires, Argentina, August 27-30, 2013.
            Proceedings},
    booktitle = {CONCUR},
    publisher = {Springer},
    series    = {Lecture Notes in Computer Science},
    volume    = {8052},
    year      = {2013},
    isbn      = {978-3-642-40183-1},
    ee        = {http://dx.doi.org/10.1007/978-3-642-40184-8},
    doi       = {10.1007/978-3-642-40184-8},
    bibsource = {DBLP, http://dblp.uni-trier.de}
}

@proceedings{DBLP:conf/tacas/2002,
    editor    = {Joost-Pieter Katoen and
                 Perdita Stevens},
    title     = {Tools and Algorithms for the Construction and Analysis of
                 Systems, 8th International Conference, TACAS 2002, Held
                 as Part of the Joint European Conference on Theory and Practice
                 of Software, ETAPS 2002, Grenoble, France, April 8-12, 2002,
                 Proceedings},
    booktitle = {TACAS},
    publisher = {Springer},
    series    = {Lecture Notes in Computer Science},
    volume    = {2280},
    year      = {2002},
    isbn      = {3-540-43419-4},
    bibsource = {DBLP, http://dblp.uni-trier.de}
}

@proceedings{DBLP:conf/sas/2013,
    editor    = {Francesco Logozzo and
                 Manuel F{\"a}hndrich},
    title     = {Static Analysis - 20th International Symposium, SAS 2013,
                 Seattle, WA, USA, June 20-22, 2013. Proceedings},
    booktitle = {SAS},
    publisher = {Springer},
    series    = {Lecture Notes in Computer Science},
    volume    = {7935},
    year      = {2013},
    isbn      = {978-3-642-38855-2},
    ee        = {http://dx.doi.org/10.1007/978-3-642-38856-9},
    doi       = {10.1007/978-3-642-38856-9},
    bibsource = {DBLP, http://dblp.uni-trier.de}
}

@proceedings{DBLP:conf/tacas/2008,
    editor    = {C. R. Ramakrishnan and
                 Jakob Rehof},
    title     = {Tools and Algorithms for the Construction and Analysis of
                 Systems, 14th International Conference, TACAS 2008, Held
                 as Part of the Joint European Conferences on Theory and
                 Practice of Software, ETAPS 2008, Budapest, Hungary, March
                 29-April 6, 2008. Proceedings},
    booktitle = {TACAS},
    publisher = {Springer},
    series    = {Lecture Notes in Computer Science},
    volume    = {4963},
    year      = {2008},
    isbn      = {978-3-540-78799-0},
    bibsource = {DBLP, http://dblp.uni-trier.de}
}

